<record><leader>00000cas a2200000 a 4500</leader><controlfield tag="001">12961004</controlfield><controlfield tag="008">851231d18831887paudn ne      0    0eng c</controlfield><datafield ind1=" " ind2=" " tag="010"><subfield code="a">sn 86071442 </subfield></datafield><datafield ind1=" " ind2=" " tag="040"><subfield code="a">NPH</subfield><subfield code="b">eng</subfield><subfield code="c">NPH</subfield><subfield code="d">DLC</subfield><subfield code="d">NPX</subfield><subfield code="d">DLC</subfield><subfield code="d">OCLCQ</subfield><subfield code="d">OCLCF</subfield><subfield code="d">OCLCO</subfield></datafield><datafield ind1="1" ind2=" " tag="029"><subfield code="a">AU@</subfield><subfield code="b">000022257007</subfield></datafield><datafield ind1=" " ind2=" " tag="042"><subfield code="a">pcc</subfield></datafield><datafield ind1=" " ind2=" " tag="043"><subfield code="a">n-us-pa</subfield></datafield><datafield ind1="0" ind2="0" tag="050"><subfield code="a">Newspaper</subfield></datafield><datafield ind1="0" ind2=" " tag="130"><subfield code="a">Daily morning patriot (Harrisburg, Pa. : 1883)</subfield></datafield><datafield ind1="1" ind2="4" tag="245"><subfield code="a">The daily morning patriot.</subfield></datafield><datafield ind1="3" ind2="0" tag="246"><subfield code="a">Morning patriot</subfield></datafield><datafield ind1="1" ind2="3" tag="246"><subfield code="a">Daily patriot</subfield></datafield><datafield ind1=" " ind2=" " tag="260"><subfield code="a">Harrisburg, Pa. :</subfield><subfield code="b">[s.n.],</subfield><subfield code="c">1883-1887.</subfield></datafield><datafield ind1=" " ind2=" " tag="300"><subfield code="a">5 v.</subfield></datafield><datafield ind1=" " ind2=" " tag="310"><subfield code="a">Daily (except Sunday)</subfield></datafield><datafield ind1="0" ind2=" " tag="362"><subfield code="a">Apr. 9, 1883-June 6, 1887.</subfield></datafield><datafield ind1=" " ind2=" " tag="500"><subfield code="a">"Morning" appears within title ornament.</subfield></datafield><datafield ind1=" " ind2=" " tag="530"><subfield code="a">Available on microfilm from Bell &amp; Howell Information and Learning.</subfield></datafield><datafield ind1=" " ind2=" " tag="580"><subfield code="a">Weekly ed.: Weekly patriot (Harrisburg, Pa.).</subfield></datafield><datafield ind1=" " ind2="0" tag="651"><subfield code="a">Harrisburg (Pa.)</subfield><subfield code="v">Newspapers.</subfield></datafield><datafield ind1=" " ind2="0" tag="651"><subfield code="a">Dauphin County (Pa.)</subfield><subfield code="v">Newspapers.</subfield></datafield><datafield ind1=" " ind2="7" tag="655"><subfield code="a">Newspapers.</subfield><subfield code="2">fast</subfield><subfield code="0">(OCoLC)fst01423814</subfield></datafield><datafield ind1=" " ind2="7" tag="651"><subfield code="a">Pennsylvania</subfield><subfield code="z">Dauphin County.</subfield><subfield code="2">fast</subfield><subfield code="0">(OCoLC)fst01212397</subfield></datafield><datafield ind1=" " ind2="7" tag="651"><subfield code="a">Pennsylvania</subfield><subfield code="z">Harrisburg.</subfield><subfield code="2">fast</subfield><subfield code="0">(OCoLC)fst01204725</subfield></datafield><datafield ind1=" " ind2=" " tag="752"><subfield code="a">United States</subfield><subfield code="b">Pennsylvania</subfield><subfield code="c">Dauphin</subfield><subfield code="d">Harrisburg.</subfield></datafield><datafield ind1="1" ind2=" " tag="775"><subfield code="t">Weekly patriot (Harrisburg, Pa.)</subfield><subfield code="w">(DLC)sn 83032124</subfield><subfield code="w">(OCoLC)10180422</subfield></datafield><datafield ind1="0" ind2="0" tag="780"><subfield code="t">Harrisburg daily patriot</subfield><subfield code="w">(DLC)sn 86071441</subfield><subfield code="w">(OCoLC)12960997</subfield></datafield><datafield ind1="0" ind2="0" tag="785"><subfield code="t">Harrisburg patriot</subfield><subfield code="w">(DLC)sn 86071443</subfield><subfield code="w">(OCoLC)12961017</subfield></datafield></record>